@article{Lara2018,
  doi = {10.5540/tema.2018.019.03.471},
  url = {https://doi.org/10.5540/tema.2018.019.03.471},
  year  = {2018},
  month = {dec},
  publisher = {Brazilian Society for Computational and Applied Mathematics ({SBMAC})},
  volume = {19},
  number = {3},
  pages = {471--488},
  author = {Hugo José Lara and Abel Soares Siqueira and Jinyun Yuan},
  title = {A Reduced Semidefinite Programming Formulation for {HA} Assignment Problems in Sport Scheduling},
  journal = {{TEMA} (São Carlos)}
}

@inproceedings{Urdaneta2018,
  doi = {10.5540/03.2018.006.01.0311},
  url = {https://doi.org/10.5540/03.2018.006.01.0311},
  year  = {2018},
  month = {feb},
  publisher = {{SBMAC}},
  author = {Hugo Lara Urdaneta and Jinyun Yuan and Abel Soares Siqueira},
  title = {Alternative Integer linear and Quadratic Programming
           Formulations for {HA}-Assignment Problems},
  booktitle = {XXXVII CNMAC, S. J. dos Campos/SP, Brasil}
}

@techreport{abel2016a,
  author = {Abel S. Siqueira and Francisco de Assis Magalhães Gomes},
  title = {Dynamic Control of Infeasibility for Nonlinear Programming},
  month = {Jun},
  year = {2016},
  institution = {Universidade Estadual de Campinas},
  url = {http://www.ime.unicamp.br/sites/default/files/rp11-16.pdf}
}

@article{abel2016b,
  author = {Abel S. Siqueira and Raniere G. C. da Silva and Luiz-Rafael Santos},
  doi = {10.5334/jors.81},
  url = {https://doi.org/10.5334/jors.81},
  year  = {2016},
  month = {apr},
  publisher = {Ubiquity Press,  Ltd.},
  volume = {4},
  number = {1},
  pages = {e12},
  title = {Perprof-py: A Python Package for Performance Profile of
           Mathematical Optimization Software},
  journal = {Journal of Open Research Software}
}

@inproceedings{daSilva2011,
  doi = {10.1109/multi-temp.2011.6005091},
  url = {https://doi.org/10.1109/multi-temp.2011.6005091},
  year  = {2011},
  month = {jul},
  publisher = {{IEEE}},
  author = {W. L. da Silva and R. R. V. Goncalves and A. S. Siqueira and J.
            Zullo and F. A. M. Gomes Neto},
  title = {Feature extraction for {NDVI} {AVHRR}/{NOAA} time series classification},
  booktitle = {2011 6th International Workshop on the Analysis of Multi-temporal
               Remote Sensing Images (Multi-Temp), Trento}
}
