@book{otimizacao:ribeiro,
  author = "Ademir Alves Ribeiro and Elizabeth Wegner Karas",
  title = "Otimização Contínua - Aspectos Teóricos e Computacionais",
  edition = "1",
  publisher = "São Paulo: Cengage Learning",
  year = "2013",
  volume = "1"
}

@book{otimizacao:nocedal,
  author = "J. Nocedal and S. J. Wright",
  title = "Numerical Optimization",
  publisher = "Springer",
  year = "2006",
  address = "New York",
  edition = "2"
}
